<collection xmlns="http://www.loc.gov/MARC21/slim">
<record>
  <leader>01462nam0a22002651i 450 </leader>
  <controlfield tag="001">IT\ICCU\CNCE\062631</controlfield>
  <controlfield tag="005">20051130000000.0</controlfield>
  <datafield tag="012" ind1=" " ind2=" ">
    <subfield code="a">onus umla andu quNl (3) 1571 (R)</subfield>
    <subfield code="2">fei</subfield>
  </datafield>
  <datafield tag="100" ind1=" " ind2=" ">
    <subfield code="a">20051129d1571        0itac0103    ba</subfield>
  </datafield>
  <datafield tag="101" ind1=" " ind2=" ">
    <subfield code="a">LAT</subfield>
  </datafield>
  <datafield tag="102" ind1=" " ind2=" ">
    <subfield code="a">IT</subfield>
  </datafield>
  <datafield tag="200" ind1="1" ind2=" ">
    <subfield code="a">℗Beati Gregorii papae ℗Operum tomus secundus. Complectens aliquot Sacrae Scripturae expositiones, tum Homilias super Ezechielem, et in Euangelia, tum eiusdem epistolas, cum quibusdam alijs, uti uersa facie apparebit</subfield>
  </datafield>
  <datafield tag="210" ind1=" " ind2=" ">
    <subfield code="a">Venetiis</subfield>
    <subfield code="c"></subfield>
    <subfield code="d">1571</subfield>
  </datafield>
  <datafield tag="215" ind1=" " ind2=" ">
    <subfield code="a">1152 p.</subfield>
    <subfield code="d">4o</subfield>
  </datafield>
  <datafield tag="300" ind1=" " ind2=" ">
    <subfield code="a"></subfield>
  </datafield>
  <datafield tag="620" ind1=" " ind2=" ">
    <subfield code="a">IT</subfield>
    <subfield code="d">Venezia</subfield>
  </datafield>
  <datafield tag="700" ind1=" " ind2="0">
    <subfield code="a">Gregorius</subfield>
    <subfield code="c"> &lt;papa</subfield>
    <subfield code="c"> ; 1.&gt;</subfield>
    <subfield code="3">IT\ICCU\CNCA\000169</subfield>
  </datafield>
  <datafield tag="712" ind1="0" ind2="0">
    <subfield code="a">Rota, Bartolomeo</subfield>
    <subfield code="3">IT\ICCU\CNCT\002099</subfield>
    <subfield code="4">650</subfield>
  </datafield>
  <datafield tag="790" ind1=" " ind2="0">
    <subfield code="a">Gregorius Magnus</subfield>
    <subfield code="c"> &lt;santo&gt;</subfield>
    <subfield code="3">IT\ICCU\CNCA\014283</subfield>
    <subfield code="z">Gregorius &lt;papa ; 1.&gt;</subfield>
  </datafield>
  <datafield tag="791" ind1="0" ind2="0">
    <subfield code="a">Rota, Bartholomaeus</subfield>
    <subfield code="3">IT\ICCU\CNCT\005409</subfield>
    <subfield code="z">Rota, Bartolomeo</subfield>
  </datafield>
  <datafield tag="801" ind1=" " ind2="3">
    <subfield code="a">IT</subfield>
    <subfield code="b">ICCU</subfield>
    <subfield code="c">20201115</subfield>
  </datafield>
  <datafield tag="899" ind1=" " ind2=" ">
    <subfield code="a">Biblioteca del Seminario vescovile. Tortona</subfield>
    <subfield code="1">AL0101</subfield>
    <subfield code="2">TO0 GP</subfield>
  </datafield>
  <datafield tag="899" ind1=" " ind2=" ">
    <subfield code="a">Biblioteca Porziuncola. Assisi</subfield>
    <subfield code="1">PG0179</subfield>
    <subfield code="2">UM1 36</subfield>
  </datafield>
  <datafield tag="911" ind1=" " ind2=" ">
    <subfield code="a">Sul front</subfield>
    <subfield code="9">IT\ICCU\CNCM\000177</subfield>
  </datafield>
  <datafield tag="921" ind1=" " ind2=" ">
    <subfield code="a">IT\ICCU\CNCM\000177</subfield>
    <subfield code="b">Aquila con gli artigli su un cervo ucciso su cui si getta altro uccello. In cornice figurata</subfield>
    <subfield code="e">Virtute parta non sibi tantum.</subfield>
    <subfield code="c">V472</subfield>
    <subfield code="c">Z153</subfield>
    <subfield code="d">Dimensioni: 6,8 x 7,2</subfield>
    <subfield code="f">AQUILA</subfield>
    <subfield code="f">ARTIGLIO</subfield>
    <subfield code="f">CERVA</subfield>
    <subfield code="f">UCCELLO</subfield>
    <subfield code="f">VIRTUTEPAR</subfield>
    <subfield code="g">1556-1590</subfield>
  </datafield>
</record>
</collection>
